<?xml version="1.0" encoding="UTF-8"?><collection xmlns="http://www.loc.gov/MARC21/slim"><record><leader>00418nam--2200145-i-4500</leader><controlfield tag="001">000009499</controlfield><controlfield tag="002">20161230</controlfield><controlfield tag="005">20170220002355</controlfield><controlfield tag="008">060222s1000------------r-----000-0-eng-d</controlfield><datafield ind1=" " ind2=" " tag="100"><subfield code="a">Dvorak, Milos</subfield></datafield><datafield ind1=" " ind2=" " tag="245"><subfield code="a">Transformatoare de masura. Traducere din limba ceha: dr.ing.Dragoe Maniu Aleman</subfield></datafield><datafield ind1=" " ind2=" " tag="260"><subfield code="a">Bucuresti</subfield><subfield code="b">Ed.Tehnica</subfield><subfield code="c">1970</subfield></datafield><datafield ind1=" " ind2=" " tag="300"><subfield code="a">486 p.(Cu Fig.)</subfield></datafield><datafield ind1=" " ind2=" " tag="700"><subfield code="a">Kopecek, Jan</subfield></datafield><datafield ind1=" " ind2=" " tag="CAT"><subfield code="a">SYS</subfield><subfield code="c">20170220</subfield><subfield code="h">002355</subfield></datafield></record></collection>